@Book{pastro2019,
	author = 	 {Cristian Roberto Pastro},
	title = 	 {Curso de Latex da XVII Semana Academica},
	publisher = 	 {CPastro},
	year = 	 {2019},
	edition = 	 {2th}
}