@Book{pastro2019,
	author = 	 {Cristian Roberto Pastro},
	title = 	 {Curso de Latex da XVII Semana Academica},
	publisher = 	 {CPastro},
	year = 	 {2019},
	edition = 	 {2th}
}

@INPROCEEDINGS{8405897,
author={B. {Yang} and Y. X. {Xu} and Q. F. {Hu} and B. {Yang} and C. Y. {Xing} and X. {Rui}},
booktitle={2018 25th Saint Petersburg International Conference on Integrated Navigation Systems (ICINS)},
title={Reserch on digital closed-loop control for silicon resonant accelerometer},
year={2018},
volume={},
number={},
pages={1-4},
keywords={accelerometers;automatic gain control;closed loop systems;control system synthesis;digital control;digital phase locked loops;elemental semiconductors;feedback;frequency control;silicon;silicon resonant accelerometer;conventional analog control circuit;digital phase-locked loop;digital automatic gain control negative feedback loop;digital closed-loop control system;digital control unit design method;accelerator;frequency control;driving signal amplitude stabilization;Simulink model;Si;Digital control;Accelerometers;Resonant frequency;Vibrations;Silicon;Micromechanical devices;Finite impulse response filters;silicon resonant accelerometer;digital phase-locked loop;digital automatic gain control;simulation},
doi={10.23919/ICINS.2018.8405897},
ISSN={},
month={May},}

@article{torrico1999implementaccao,
  title={Implementa{\c{c}}{\~a}o de controle supervis{\'o}rio de sistemas a eventos discretos aplicado a processos de manufatura},
  author={Torrico, C{\'e}sar Rafael Claure and others},
  year={1999},
  publisher={Florian{\'o}polis, SC}
}
